<record><leader>00000cas a22000007a 4500</leader><controlfield tag="001">12388689</controlfield><controlfield tag="008">850815d18481855wiuwr ne      0    0eng d</controlfield><datafield ind1=" " ind2=" " tag="010"><subfield code="a">sn 85041104 </subfield></datafield><datafield ind1=" " ind2=" " tag="040"><subfield code="a">NPV</subfield><subfield code="b">eng</subfield><subfield code="c">NPV</subfield><subfield code="d">HLS</subfield><subfield code="d">OCLCQ</subfield></datafield><datafield ind1=" " ind2=" " tag="042"><subfield code="a">msc</subfield></datafield><datafield ind1=" " ind2=" " tag="045"><subfield code="a">w4w5</subfield></datafield><datafield ind1=" " ind2=" " tag="052"><subfield code="a">4123</subfield><subfield code="b">R6</subfield></datafield><datafield ind1="0" ind2="0" tag="245"><subfield code="a">Beloit journal of politics, literature, and general intelligence.</subfield></datafield><datafield ind1="3" ind2="0" tag="246"><subfield code="a">Beloit journal</subfield></datafield><datafield ind1=" " ind2=" " tag="260"><subfield code="a">Beloit, Wis. :</subfield><subfield code="b">Stokes &amp; Briggs,</subfield><subfield code="c">1848-1855.</subfield></datafield><datafield ind1=" " ind2=" " tag="300"><subfield code="a">8 v.</subfield></datafield><datafield ind1=" " ind2=" " tag="310"><subfield code="a">Weekly</subfield></datafield><datafield ind1="0" ind2=" " tag="362"><subfield code="a">Vol. 1, no. 1 (June 22, 1848)-v. 8, no. 7 (Aug. 2, 1855) = whole no. 371.</subfield></datafield><datafield ind1=" " ind2=" " tag="500"><subfield code="a">"Whig."</subfield></datafield><datafield ind1=" " ind2=" " tag="500"><subfield code="a">Publisher changes: J.R. Briggs, Jr., Nov. 16, 1848-Oct. 25, 1849.--Briggs &amp; Foster, Nov. 1, 1949-Apr. 27, 1854.--C.G. Foster, May 4, 1854-July 26, 1855.</subfield></datafield><datafield ind1=" " ind2=" " tag="752"><subfield code="a">United States</subfield><subfield code="b">Wisconsin</subfield><subfield code="c">Rock</subfield><subfield code="d">Beloit.</subfield></datafield><datafield ind1="0" ind2="0" tag="785"><subfield code="t">Beloit journal (Beloit, Wis. : 1855)</subfield><subfield code="w">(DLC)sn 85041105</subfield><subfield code="w">(OCoLC)12389568</subfield></datafield></record>